<?xml version="1.0" encoding="UTF-8"?>
  <record xmlns="http://www.loc.gov/MARC21/slim" type="Authority">
    <leader>00000nz  a2200000nc 4500</leader>
    <controlfield tag="001">119082209</controlfield>
    <controlfield tag="003">DE-101</controlfield>
    <controlfield tag="005">20220524053134.0</controlfield>
    <controlfield tag="008">930226n||azznnaabn           | aaa    |c</controlfield>
    <datafield tag="024" ind1="7" ind2=" ">
      <subfield code="a">119082209</subfield>
      <subfield code="0">http://d-nb.info/gnd/119082209</subfield>
      <subfield code="2">gnd</subfield>
    </datafield>
    <datafield tag="035" ind1=" " ind2=" ">
      <subfield code="a">(DE-101)119082209</subfield>
    </datafield>
    <datafield tag="035" ind1=" " ind2=" ">
      <subfield code="a">(DE-588)119082209</subfield>
    </datafield>
    <datafield tag="035" ind1=" " ind2=" ">
      <subfield code="z">(DE-588a)119082209</subfield>
      <subfield code="9">v:zg</subfield>
    </datafield>
    <datafield tag="035" ind1=" " ind2=" ">
      <subfield code="z">(DE-588a)117518735</subfield>
    </datafield>
    <datafield tag="035" ind1=" " ind2=" ">
      <subfield code="z">(DE-588c)4306903-4</subfield>
      <subfield code="9">v:zg</subfield>
    </datafield>
    <datafield tag="040" ind1=" " ind2=" ">
      <subfield code="a">DE-605</subfield>
      <subfield code="c">DE-605</subfield>
      <subfield code="9">r:DE-605</subfield>
      <subfield code="b">ger</subfield>
      <subfield code="d">9999</subfield>
      <subfield code="e">rda</subfield>
    </datafield>
    <datafield tag="042" ind1=" " ind2=" ">
      <subfield code="a">gnd1</subfield>
    </datafield>
    <datafield tag="043" ind1=" " ind2=" ">
      <subfield code="c">XA-SE</subfield>
    </datafield>
    <datafield tag="065" ind1=" " ind2=" ">
      <subfield code="a">3.6p</subfield>
      <subfield code="2">sswd</subfield>
    </datafield>
    <datafield tag="065" ind1=" " ind2=" ">
      <subfield code="a">16.1p</subfield>
      <subfield code="2">sswd</subfield>
    </datafield>
    <datafield tag="075" ind1=" " ind2=" ">
      <subfield code="b">p</subfield>
      <subfield code="2">gndgen</subfield>
    </datafield>
    <datafield tag="075" ind1=" " ind2=" ">
      <subfield code="b">piz</subfield>
      <subfield code="2">gndspec</subfield>
    </datafield>
    <datafield tag="079" ind1=" " ind2=" ">
      <subfield code="a">g</subfield>
      <subfield code="q">a</subfield>
      <subfield code="q">f</subfield>
      <subfield code="q">s</subfield>
      <subfield code="q">z</subfield>
      <subfield code="u">v</subfield>
      <subfield code="u">k</subfield>
      <subfield code="u">w</subfield>
      <subfield code="u">o</subfield>
    </datafield>
    <datafield tag="100" ind1="1" ind2=" ">
      <subfield code="a">Magnus, Johannes</subfield>
      <subfield code="d">1488-1544</subfield>
    </datafield>
    <datafield tag="375" ind1=" " ind2=" ">
      <subfield code="a">1</subfield>
      <subfield code="2">iso5218</subfield>
    </datafield>
    <datafield tag="400" ind1="1" ind2=" ">
      <subfield code="a">Johannes, Magnus</subfield>
      <subfield code="d">1488-1544</subfield>
      <subfield code="9">v:LCAuth</subfield>
    </datafield>
    <datafield tag="400" ind1="1" ind2=" ">
      <subfield code="a">Magnus, Johann</subfield>
      <subfield code="d">1488-1544</subfield>
      <subfield code="9">v:Acta Pacis Westphalicae</subfield>
    </datafield>
    <datafield tag="400" ind1="1" ind2=" ">
      <subfield code="a">Magnus, Johan</subfield>
      <subfield code="d">1488-1544</subfield>
    </datafield>
    <datafield tag="400" ind1="1" ind2=" ">
      <subfield code="a">Joannes, Magnus</subfield>
      <subfield code="d">1488-1544</subfield>
    </datafield>
    <datafield tag="400" ind1="1" ind2=" ">
      <subfield code="a">M°ansson, Johannes</subfield>
      <subfield code="d">1488-1544</subfield>
    </datafield>
    <datafield tag="400" ind1="1" ind2=" ">
      <subfield code="a">Magno, Giovanni</subfield>
      <subfield code="d">1488-1544</subfield>
    </datafield>
    <datafield tag="400" ind1="0" ind2=" ">
      <subfield code="a">Johannes</subfield>
      <subfield code="c">Gothus</subfield>
      <subfield code="d">1488-1544</subfield>
    </datafield>
    <datafield tag="400" ind1="1" ind2=" ">
      <subfield code="a">Magnus, Joannes</subfield>
      <subfield code="d">1488-1544</subfield>
    </datafield>
    <datafield tag="400" ind1="0" ind2=" ">
      <subfield code="a">Johannes</subfield>
      <subfield code="c">Magnus</subfield>
      <subfield code="d">1488-1544</subfield>
    </datafield>
    <datafield tag="400" ind1="0" ind2=" ">
      <subfield code="a">Johannes Magnus</subfield>
      <subfield code="c">Erzbischof, Schweden</subfield>
      <subfield code="d">1488-1544</subfield>
    </datafield>
    <datafield tag="400" ind1="0" ind2=" ">
      <subfield code="a">Johannes Magnus</subfield>
      <subfield code="c">Archevêque, Suède</subfield>
      <subfield code="d">1488-1544</subfield>
    </datafield>
    <datafield tag="400" ind1="0" ind2=" ">
      <subfield code="a">Johannes Magnus</subfield>
      <subfield code="c">Archbishop, Sweden</subfield>
      <subfield code="d">1488-1544</subfield>
    </datafield>
    <datafield tag="400" ind1="0" ind2=" ">
      <subfield code="a">Joannes Magnus</subfield>
      <subfield code="c">Erzbischof, Schweden</subfield>
      <subfield code="d">1488-1544</subfield>
    </datafield>
    <datafield tag="400" ind1="0" ind2=" ">
      <subfield code="a">Joannes Magnus</subfield>
      <subfield code="c">Archevêque, Suède</subfield>
      <subfield code="d">1488-1544</subfield>
    </datafield>
    <datafield tag="400" ind1="0" ind2=" ">
      <subfield code="a">Joannes Magnus</subfield>
      <subfield code="c">Archbishop, Sweden</subfield>
      <subfield code="d">1488-1544</subfield>
    </datafield>
    <datafield tag="400" ind1="1" ind2=" ">
      <subfield code="a">Magnus, Joannes</subfield>
      <subfield code="c">Erzbischof, Schweden</subfield>
      <subfield code="d">1488-1544</subfield>
    </datafield>
    <datafield tag="400" ind1="1" ind2=" ">
      <subfield code="a">Magnus, Joannes</subfield>
      <subfield code="c">Archevêque, Suède</subfield>
      <subfield code="d">1488-1544</subfield>
    </datafield>
    <datafield tag="400" ind1="1" ind2=" ">
      <subfield code="a">Magnus, Joannes</subfield>
      <subfield code="c">Archbishop, Sweden</subfield>
      <subfield code="d">1488-1544</subfield>
    </datafield>
    <datafield tag="400" ind1="1" ind2=" ">
      <subfield code="a">Magnus, Johannes</subfield>
      <subfield code="c">Erzbischof, Schweden</subfield>
      <subfield code="d">1488-1544</subfield>
    </datafield>
    <datafield tag="400" ind1="1" ind2=" ">
      <subfield code="9">L:eng</subfield>
      <subfield code="a">Magnus, Johannes</subfield>
      <subfield code="c">Archbishop, Sweden</subfield>
      <subfield code="d">1488-1544</subfield>
      <subfield code="5">CH-GND</subfield>
    </datafield>
    <datafield tag="400" ind1="1" ind2=" ">
      <subfield code="9">L:fre</subfield>
      <subfield code="a">Magnus, Johannes</subfield>
      <subfield code="c">Archevêque, Suède</subfield>
      <subfield code="d">1488-1544</subfield>
      <subfield code="5">CH-GND</subfield>
    </datafield>
    <datafield tag="400" ind1="0" ind2=" ">
      <subfield code="a">Johannes</subfield>
      <subfield code="c">Erzbischof von Uppsala</subfield>
      <subfield code="d">1488-1544</subfield>
    </datafield>
    <datafield tag="400" ind1="0" ind2=" ">
      <subfield code="a">Johannes</subfield>
      <subfield code="c">von Uppsala</subfield>
      <subfield code="d">1488-1544</subfield>
    </datafield>
    <datafield tag="500" ind1="1" ind2=" ">
      <subfield code="0">(DE-101)118576194</subfield>
      <subfield code="0">(DE-588)118576194</subfield>
      <subfield code="0">https://d-nb.info/gnd/118576194</subfield>
      <subfield code="a">Magnus, Olaus</subfield>
      <subfield code="d">1490-1557</subfield>
      <subfield code="4">bezf</subfield>
      <subfield code="4">https://d-nb.info/standards/elementset/gnd#familialRelationship</subfield>
      <subfield code="w">r</subfield>
      <subfield code="i">Beziehung familiaer</subfield>
      <subfield code="e">Beziehung familiaer</subfield>
      <subfield code="9">v:Bruder</subfield>
    </datafield>
    <datafield tag="500" ind1="1" ind2=" ">
      <subfield code="a">Holzmann, Wilhelm</subfield>
      <subfield code="4">beza</subfield>
      <subfield code="4">https://d-nb.info/standards/elementset/gnd#acquaintanceshipOrFriendship</subfield>
      <subfield code="w">r</subfield>
      <subfield code="i">Bekanntschaft</subfield>
      <subfield code="e">Bekanntschaft</subfield>
      <subfield code="9">v:VD-16 Mitverf.</subfield>
    </datafield>
    <datafield tag="500" ind1="1" ind2=" ">
      <subfield code="0">(DE-101)121650723</subfield>
      <subfield code="0">(DE-588)121650723</subfield>
      <subfield code="0">https://d-nb.info/gnd/121650723</subfield>
      <subfield code="a">Utenhove, Karl &#152;von&#156;</subfield>
      <subfield code="d">1536-1600</subfield>
      <subfield code="4">beza</subfield>
      <subfield code="4">https://d-nb.info/standards/elementset/gnd#acquaintanceshipOrFriendship</subfield>
      <subfield code="w">r</subfield>
      <subfield code="i">Bekanntschaft</subfield>
      <subfield code="e">Bekanntschaft</subfield>
      <subfield code="9">v:VD-16 Mitverf.</subfield>
    </datafield>
    <datafield tag="500" ind1="1" ind2=" ">
      <subfield code="0">(DE-101)122001982</subfield>
      <subfield code="0">(DE-588)122001982</subfield>
      <subfield code="0">https://d-nb.info/gnd/122001982</subfield>
      <subfield code="a">Henricpetri, Adam</subfield>
      <subfield code="d">1543-1586</subfield>
      <subfield code="4">beza</subfield>
      <subfield code="4">https://d-nb.info/standards/elementset/gnd#acquaintanceshipOrFriendship</subfield>
      <subfield code="w">r</subfield>
      <subfield code="i">Bekanntschaft</subfield>
      <subfield code="e">Bekanntschaft</subfield>
      <subfield code="9">v:VD-16 Mitverf.</subfield>
    </datafield>
    <datafield tag="548" ind1=" " ind2=" ">
      <subfield code="a">-22.03.1544</subfield>
      <subfield code="4">datx</subfield>
      <subfield code="4">https://d-nb.info/standards/elementset/gnd#dateOfDeath</subfield>
      <subfield code="w">r</subfield>
      <subfield code="i">Exakte Lebensdaten</subfield>
    </datafield>
    <datafield tag="548" ind1=" " ind2=" ">
      <subfield code="a">1488-1544</subfield>
      <subfield code="4">datl</subfield>
      <subfield code="4">https://d-nb.info/standards/elementset/gnd#dateOfBirthAndDeath</subfield>
      <subfield code="w">r</subfield>
      <subfield code="i">Lebensdaten</subfield>
      <subfield code="9">v:Geburtsjahr auch: 1448</subfield>
    </datafield>
    <datafield tag="550" ind1=" " ind2=" ">
      <subfield code="0">(DE-101)040154718</subfield>
      <subfield code="0">(DE-588)4015471-3</subfield>
      <subfield code="0">https://d-nb.info/gnd/4015471-3</subfield>
      <subfield code="a">Erzbischof</subfield>
      <subfield code="4">berc</subfield>
      <subfield code="4">https://d-nb.info/standards/elementset/gnd#professionOrOccupation</subfield>
      <subfield code="w">r</subfield>
      <subfield code="i">Charakteristischer Beruf</subfield>
    </datafield>
    <datafield tag="550" ind1=" " ind2=" ">
      <subfield code="0">(DE-101)041994973</subfield>
      <subfield code="0">(DE-588)4199497-8</subfield>
      <subfield code="0">https://d-nb.info/gnd/4199497-8</subfield>
      <subfield code="a">Prälat</subfield>
      <subfield code="4">beru</subfield>
      <subfield code="4">https://d-nb.info/standards/elementset/gnd#professionOrOccupation</subfield>
      <subfield code="w">r</subfield>
      <subfield code="i">Beruf</subfield>
    </datafield>
    <datafield tag="550" ind1=" " ind2=" ">
      <subfield code="0">(DE-101)1007410175</subfield>
      <subfield code="0">(DE-588)7719046-4</subfield>
      <subfield code="0">https://d-nb.info/gnd/7719046-4</subfield>
      <subfield code="a">Selbstverleger</subfield>
      <subfield code="4">beru</subfield>
      <subfield code="4">https://d-nb.info/standards/elementset/gnd#professionOrOccupation</subfield>
      <subfield code="w">r</subfield>
      <subfield code="i">Beruf</subfield>
      <subfield code="9">Z:1539</subfield>
    </datafield>
    <datafield tag="550" ind1=" " ind2=" ">
      <subfield code="a">Erzbischof von Uppsala</subfield>
      <subfield code="4">beru</subfield>
      <subfield code="4">https://d-nb.info/standards/elementset/gnd#professionOrOccupation</subfield>
      <subfield code="w">r</subfield>
      <subfield code="i">Beruf</subfield>
    </datafield>
    <datafield tag="551" ind1=" " ind2=" ">
      <subfield code="0">(DE-101)04111325X</subfield>
      <subfield code="0">(DE-588)4111325-1</subfield>
      <subfield code="0">https://d-nb.info/gnd/4111325-1</subfield>
      <subfield code="a">Linköping</subfield>
      <subfield code="4">ortg</subfield>
      <subfield code="4">https://d-nb.info/standards/elementset/gnd#placeOfBirth</subfield>
      <subfield code="w">r</subfield>
      <subfield code="i">Geburtsort</subfield>
    </datafield>
    <datafield tag="551" ind1=" " ind2=" ">
      <subfield code="0">(DE-101)040504719</subfield>
      <subfield code="0">(DE-588)4050471-2</subfield>
      <subfield code="0">https://d-nb.info/gnd/4050471-2</subfield>
      <subfield code="a">Rom</subfield>
      <subfield code="4">orts</subfield>
      <subfield code="4">https://d-nb.info/standards/elementset/gnd#placeOfDeath</subfield>
      <subfield code="w">r</subfield>
      <subfield code="i">Sterbeort</subfield>
    </datafield>
    <datafield tag="551" ind1=" " ind2=" ">
      <subfield code="0">(DE-101)040786595</subfield>
      <subfield code="0">(DE-588)4078659-6</subfield>
      <subfield code="0">https://d-nb.info/gnd/4078659-6</subfield>
      <subfield code="a">Uppsala</subfield>
      <subfield code="4">ortw</subfield>
      <subfield code="4">https://d-nb.info/standards/elementset/gnd#placeOfActivity</subfield>
      <subfield code="w">r</subfield>
      <subfield code="i">Wirkungsort</subfield>
    </datafield>
    <datafield tag="551" ind1=" " ind2=" ">
      <subfield code="0">(DE-101)040110397</subfield>
      <subfield code="0">(DE-588)4011039-4</subfield>
      <subfield code="0">https://d-nb.info/gnd/4011039-4</subfield>
      <subfield code="a">Danzig</subfield>
      <subfield code="4">ortw</subfield>
      <subfield code="4">https://d-nb.info/standards/elementset/gnd#placeOfActivity</subfield>
      <subfield code="w">r</subfield>
      <subfield code="i">Wirkungsort</subfield>
    </datafield>
    <datafield tag="551" ind1=" " ind2=" ">
      <subfield code="0">(DE-101)04062501X</subfield>
      <subfield code="0">(DE-588)4062501-1</subfield>
      <subfield code="0">https://d-nb.info/gnd/4062501-1</subfield>
      <subfield code="a">Venedig</subfield>
      <subfield code="4">ortw</subfield>
      <subfield code="4">https://d-nb.info/standards/elementset/gnd#placeOfActivity</subfield>
      <subfield code="w">r</subfield>
      <subfield code="i">Wirkungsort</subfield>
      <subfield code="9">Z:1539 als Selbstverleger</subfield>
    </datafield>
    <datafield tag="551" ind1=" " ind2=" ">
      <subfield code="0">(DE-101)040504719</subfield>
      <subfield code="0">(DE-588)4050471-2</subfield>
      <subfield code="0">https://d-nb.info/gnd/4050471-2</subfield>
      <subfield code="a">Rom</subfield>
      <subfield code="4">ortw</subfield>
      <subfield code="4">https://d-nb.info/standards/elementset/gnd#placeOfActivity</subfield>
      <subfield code="w">r</subfield>
      <subfield code="i">Wirkungsort</subfield>
    </datafield>
    <datafield tag="667" ind1=" " ind2=" ">
      <subfield code="a">VD-16</subfield>
    </datafield>
    <datafield tag="667" ind1=" " ind2=" ">
      <subfield code="a">12</subfield>
    </datafield>
    <datafield tag="667" ind1=" " ind2=" ">
      <subfield code="a">gg LCAuth: Johannes, Magnus, Archbishop of Uppsala, 1488-1544</subfield>
    </datafield>
    <datafield tag="670" ind1=" " ind2=" ">
      <subfield code="a">Svensk Bok-Katalog (1931-1935); LThK, Svensk uppslagsbok</subfield>
    </datafield>
    <datafield tag="670" ind1=" " ind2=" ">
      <subfield code="a">Biogr. Archiv des Christentums (BAChr) 236,217-218</subfield>
    </datafield>
    <datafield tag="670" ind1=" " ind2=" ">
      <subfield code="a">GND</subfield>
    </datafield>
    <datafield tag="670" ind1=" " ind2=" ">
      <subfield code="a">Svenskt biografiskt lexikon</subfield>
      <subfield code="b">Stand: 20.10.2020</subfield>
      <subfield code="u">https://sok.riksarkivet.se/sbl/Presentation.aspx?id=12115</subfield>
    </datafield>
    <datafield tag="670" ind1=" " ind2=" ">
      <subfield code="a">Supellex epistolica Uffenbachii et Wolfiorum = Katalog der Uffenbach-Wolfschen Briefsammlung / hrsg. u. bearb. von Nilüfer Krüger. - Hamburg : Hauswedell, 1978. 2 Bde. - (Katalog der Handschriften der Staats- und Universitätsbibliothek Hamburg ; 8)</subfield>
    </datafield>
    <datafield tag="672" ind1=" " ind2="0">
      <subfield code="a">GOTHORVM SVEONVMQ́VE HISTORIA, EX PROBATIS ANTIQVORVM MONVMENTIS COLlecta, et in ...  1558.  (VD16 M 222)</subfield>
    </datafield>
    <datafield tag="672" ind1=" " ind2="0">
      <subfield code="a">HISTORIAE &lt;QVA VIX ALIA LECTV IVCVNDIOR&gt; DE GOTHORVM SVEONVMQVE REBVS GEstis, ...  1567.  (VD16 M 223)</subfield>
    </datafield>
    <datafield tag="672" ind1=" " ind2="0">
      <subfield code="a">Magnus, Olaus: HISTORIA OLAI MAGNI GOTHI ARCHIEPISCOPI VPSALENSIS, DE GENTIVM Septentrionalium uariis ...  1567.  (VD16 M 225)</subfield>
    </datafield>
    <datafield tag="672" ind1=" " ind2="0">
      <subfield code="a">Historia de omnibus Gothorum Sueonumque regibus</subfield>
      <subfield code="f">1554</subfield>
    </datafield>
    <datafield tag="672" ind1=" " ind2="0">
      <subfield code="a">Historia de omnibus Gothorum Sueonumque regibus</subfield>
      <subfield code="f">1558</subfield>
    </datafield>
    <datafield tag="672" ind1=" " ind2="0">
      <subfield code="a">Historia de omnibus Gothorum Sueonumque regibus</subfield>
      <subfield code="f">1567</subfield>
    </datafield>
    <datafield tag="672" ind1=" " ind2="0">
      <subfield code="a">Metropolis Ecclesiae Upsalen. in regnis Suetiae</subfield>
      <subfield code="f">1557</subfield>
    </datafield>
    <datafield tag="672" ind1=" " ind2="0">
      <subfield code="a">Metropolis Ecclesiae Upsalen. in regnis Suetiae</subfield>
      <subfield code="f">1560</subfield>
    </datafield>
    <datafield tag="672" ind1=" " ind2="0">
      <subfield code="a">Gothorum Sueonumque Historia</subfield>
      <subfield code="f">1554</subfield>
    </datafield>
    <datafield tag="672" ind1=" " ind2="0">
      <subfield code="a">Gothorum Sueonumque Historia</subfield>
      <subfield code="f">1558</subfield>
    </datafield>
    <datafield tag="672" ind1=" " ind2="0">
      <subfield code="a">Gothorum Sueonumque Historia</subfield>
      <subfield code="f">1617</subfield>
    </datafield>
    <datafield tag="672" ind1=" " ind2="0">
      <subfield code="a">Historia Metropolitanae</subfield>
      <subfield code="f">1560</subfield>
    </datafield>
    <datafield tag="672" ind1=" " ind2="0">
      <subfield code="a">De meritis [et] fatis Joannis [et] Olai Magnorum</subfield>
    </datafield>
    <datafield tag="678" ind1=" " ind2=" ">
      <subfield code="b">Schwed. Theologe und Historiker; Erzbischof v. Uppsala; letzter katholischer Erzbischof von Schweden</subfield>
    </datafield>
    <datafield tag="678" ind1=" " ind2=" ">
      <subfield code="b">1527 vertrieben</subfield>
    </datafield>
    <datafield tag="913" ind1=" " ind2=" ">
      <subfield code="S">pnd</subfield>
      <subfield code="i">a</subfield>
      <subfield code="a">Magnus, Johannes (Erzbischof)</subfield>
      <subfield code="0">(DE-588a)119082209</subfield>
    </datafield>
  </record>
